<?xml version="1.0" encoding="UTF-8"?><collection xmlns="http://www.loc.gov/MARC21/slim"><record><leader>00762nam--2200193-i-4500</leader><controlfield tag="001">000042850</controlfield><controlfield tag="002">20161230</controlfield><controlfield tag="005">20161230201043</controlfield><controlfield tag="008">060222s1000------------r-----000-0-eng-d</controlfield><datafield ind1=" " ind2=" " tag="040"><subfield code="a">IFIN-HH</subfield></datafield><datafield ind1=" " ind2=" " tag="080"><subfield code="a">524.3(061.3)</subfield></datafield><datafield ind1="1" ind2=" " tag="100"><subfield code="a">Hubeny, I</subfield></datafield><datafield ind1="1" ind2="0" tag="245"><subfield code="a">Stellar spectra and their interpretation</subfield><subfield code="b">I-st conference of the subcommission no.2 physics and evolution of stars, brno june 8-12, 1981</subfield><subfield code="c">I. hubeny, b. onderlicka (eds.)</subfield></datafield><datafield ind1=" " ind2=" " tag="260"><subfield code="a">Brno</subfield><subfield code="b">Committee Of Multilateral Cooperation Of The Academies Of Sceinces Of The Socialist Countries</subfield><subfield code="c">1981</subfield></datafield><datafield ind1=" " ind2=" " tag="300"><subfield code="a">40P</subfield></datafield><datafield ind1=" " ind2=" " tag="490"><subfield code="a">Publications Of The Astronomical Institute .Of The Czechoslovak Academy Of Sciences No. 57</subfield></datafield><datafield ind1="1" ind2=" " tag="700"><subfield code="a">Onderlicka, B</subfield><subfield code="e">Ed</subfield></datafield><datafield ind1=" " ind2=" " tag="852"><subfield code="a">73029</subfield><subfield code="c">523</subfield></datafield><datafield ind1=" " ind2=" " tag="CAT"><subfield code="a">Sys</subfield><subfield code="c">20141205</subfield><subfield code="h">155642</subfield></datafield></record></collection>